@book{local:muchnick:jones:flow-analysis:1981,
    author = {Muchnick, Steven S. and Jones, Neil D.},
    citeulike-article-id = {556098},
    howpublished = {Hardcover},
    isbn = {0137296819},
    keywords = {data-flow, static-analysis},
    priority = {0},
    publisher = {{Prentice Hall}},
    title = {{Program Flow Analysis: Theory and Applications (Prentice-Hall Software Series)}},
    year = {{1981}}
}


@article{DBLP:journals/corr/abs-1211-3722,
  author    = {J. Ian Johnson and
               Matthew Might and
               David Van Horn},
  title     = {Optimizing Abstract Abstract Machines},
  journal   = {arXiv},
  volume    = {abs/1211.3722},
  year      = {2012},
  ee        = {http://arxiv.org/abs/1211.3722},
  bibsource = {DBLP, http://dblp.uni-trier.de},
  archivePrefix = "arXiv",
  eprint    = {1211.3722},
  primaryClass = {cs.PL}
}

@TECHREPORT{Filliâtre97thecoq,
    author = {Jean-Christophe Filliâtre and Hugo Herbelin and Bruno Barras and Bruno Barras and Samuel Boutin and Eduardo Giménez and Samuel Boutin and Gérard Huet and César Muñoz and Cristina Cornes and Cristina Cornes and Judicaël Courant and Judicael Courant and Chetan Murthy and Chetan Murthy and Catherine Parent and Catherine Parent and Christine Paulin-mohring and Christine Paulin-mohring and Amokrane Saibi and Amokrane Saibi and Benjamin Werner and Benjamin Werner},
    title = {The Coq Proof Assistant - Reference Manual Version 8.4},
    institution = {INRIA},
    year = {2012}
}

@inproceedings{DBLP:conf/tacas/SchwoonE05,
  author    = {Stefan Schwoon and
               Javier Esparza},
  title     = {A Note on On-the-Fly Verification Algorithms},
  booktitle = {TACAS},
  year      = {2005},
  pages     = {174-190},
  ee        = {http://dx.doi.org/10.1007/978-3-540-31980-1_12},
  crossref  = {DBLP:conf/tacas/2005},
  bibsource = {DBLP, http://dblp.uni-trier.de}
}

@Article{Jones:1977:NLT,
  author =       "N. D. Jones",
  title =        "A note on linear time simulation of deterministic
                 two-way pushdown automata",
  journal =      j-INFO-PROC-LETT,
  fjournal =     "Information Processing Letters",
  journal-URL =  "http://www.sciencedirect.com/science/journal/00200190/",
  volume =       "6",
  number =       "4",
  pages =        "110--112",
  day =          "??",
  month =        aug,
  year =         "1977",
  CODEN =        "IFPLAT",
  ISSN =         "0020-0190 (print), 1872-6119 (electronic)",
  ISSN-L =       "0020-0190",
  bibdate =      "Tue Nov 17 10:49:43 MST 1998",
  bibsource =    "http://www.math.utah.edu/pub/tex/bib/infoproc1970.bib",
  acknowledgement = ack-nhfb,
  classification = "C4220 (Automata theory)",
  corpsource =   "Dept. of Computer Sci., Univ. of Aarhus, Aarhus,
                 Denmark",
  fjournal =     "Information Processing Letters",
  keywords =     "deterministic; deterministic automata; linear time
                 simulation; pushdown automata; two way",
  treatment =    "T Theoretical or Mathematical",
}

@proceedings{DBLP:conf/tacas/2005,
  editor    = {Nicolas Halbwachs and
               Lenore D. Zuck},
  title     = {Tools and Algorithms for the Construction and Analysis of
               Systems, 11th International Conference, TACAS 2005, Held
               as Part of the Joint European Conferences on Theory and
               Practice of Software, ETAPS 2005, Edinburgh, UK, April 4-8,
               2005, Proceedings},
  booktitle = {TACAS},
  publisher = {Springer},
  series    = {Lecture Notes in Computer Science},
  volume    = {3440},
  year      = {2005},
  isbn      = {3-540-25333-5},
  bibsource = {DBLP, http://dblp.uni-trier.de}
}

@inproceedings{DBLP:conf/ifip/Cook71,
  author    = {Stephen A. Cook},
  title     = {Linear Time Simulation of Deterministic Two-Way Pushdown
               Automata},
  booktitle = {IFIP Congress (1)},
  year      = {1971},
  pages     = {75-80},
  bibsource = {DBLP, http://dblp.uni-trier.de}
}

@inproceedings{DBLP:journals/corr/Gluck13,
  author    = {Robert Gl{\"u}ck},
  title     = {Simulation of Two-Way Pushdown Automata Revisited},
  booktitle = {Festschrift for Dave Schmidt},
  year      = {2013},
  pages     = {250-258},
  ee        = {http://dx.doi.org/10.4204/EPTCS.129.15},
  crossref  = {DBLP:journals/corr/BanerjeeDDH13},
  bibsource = {DBLP, http://dblp.uni-trier.de}
}

@proceedings{DBLP:journals/corr/BanerjeeDDH13,
  editor    = {Anindya Banerjee and
               Olivier Danvy and
               Kyung-Goo Doh and
               John Hatcliff},
  title     = {Semantics, Abstract Interpretation, and Reasoning about
               Programs: Essays Dedicated to David A. Schmidt on the Occasion
               of his Sixtieth Birthday, Manhattan, Kansas, USA, 19-20th
               September 2013},
  booktitle = {Festschrift for Dave Schmidt},
  series    = {EPTCS},
  volume    = {129},
  year      = {2013},
  ee        = {http://dx.doi.org/10.4204/EPTCS.129},
  bibsource = {DBLP, http://dblp.uni-trier.de}
}

@phdthesis{vardoulakis-diss12,
  author = {Dimitrios Vardoulakis},
  title = {{CFA2: Pushdown Flow Analysis for Higher-Order Languages}},
  school = {Northeastern University},
  year = {2012}
}
